@misc{web:earnings-it,
  author = "Monika Tomkiewicz",
  title ="Jak wysokie są zarobki informatyków",
  publisher = "ComputerWorld",
  note = "na podstawie danych Banku Danych o Inżynierach",
  year = 2011,
  month = 04,
  url = "http://www.computerworld.pl/news/369113/Jak.wysokie.sa.zarobki.informatykow.html"
}

@misc{web:earnings-pl,
  title ="GUS podał dane o wynagrodzeniach i zatrudnieniu",
  author = "Wirtualna Polska Finanse",
  publisher = "Wirtualna Polska Finanse",
  note = "na podstawie danych Głównego Urzędu Statystycznego",
  year = 2011,
  month = 04,
  url = "http://finanse.wp.pl/kat,58434,title,GUS-podal-dane-o-wynagrodzeniach-i-zatrudnieniu,wid,13420279,wiadomosc.html?ticaid=1c9d5"
}

